@inproceedings{chaudhuri2010rates,
  title={Rates of convergence for the cluster tree},
  author={Chaudhuri, Kamalika and Dasgupta, Sanjoy},
  booktitle={Advances in Neural Information Processing Systems},
  pages={343--351},
  year={2010}
}

@inproceedings{campello2013density,
  title={Density-based clustering based on hierarchical density estimates},
  author={Campello, Ricardo JGB and Moulavi, Davoud and Sander, Joerg},
  booktitle={Pacific-Asia Conference on Knowledge Discovery and Data Mining},
  pages={160--172},
  year={2013},
  organization={Springer}
}

@article{McInnes2017,
  year  = {2017},
  month = {mar},
  publisher = {The Open Journal},
  volume = {2},
  number = {11},
  author = {Leland McInnes and John Healy and Steve Astels},
  title = {hdbscan: Hierarchical density based clustering},
  journal = {The Journal of Open Source Software}
}
